@online{dee3mon_RFD_Methodic,
	author = {Д.В.Приходько},
	title = {Методические указания к выполнению БДЗ	«Расчет канала ВЧ-ячейки»},
	year = 2021,
	url = {https://github.com/dee3mon/Keysight-ADS-RFDevices-methodic/blob/main/PPU.ADS.BDZ.pdf},
	urldate = {02-08-2021}
}

@online{dee3mon_PCB_Design_Methodic,
	author = {Д.В.Приходько},
	title = {Методические указания к выполнению курсового проекта по курсу <<Проектирование печатных плат>> },
	year = 2021,
	url = {https://github.com/dee3mon/altium-methodic},
	urldate = {13-09-2021}
}